<?xml version="1.0" encoding="UTF-8"?><record xmlns="http://www.loc.gov/MARC21/slim" xmlns:cinclude="http://apache.org/cocoon/include/1.0" xmlns:zs="http://www.loc.gov/zing/srw/">
  <leader>00614cz  a2200145n  4500</leader>
  <controlfield tag="001">n  96092337 </controlfield>
  <controlfield tag="003">DLC</controlfield>
  <controlfield tag="005">20130314091551.0</controlfield>
  <controlfield tag="008">960923n| azannaab           |a aaa      </controlfield>
  <datafield tag="010" ind1=" " ind2=" ">
    <subfield code="a">n  96092337 </subfield>
  </datafield>
  <datafield tag="040" ind1=" " ind2=" ">
    <subfield code="a">DLC</subfield>
    <subfield code="b">eng</subfield>
    <subfield code="e">rda</subfield>
    <subfield code="c">DLC</subfield>
    <subfield code="d">DLC</subfield>
  </datafield>
  <datafield tag="100" ind1="1" ind2=" ">
    <subfield code="a">Rabelais, François,</subfield>
    <subfield code="d">approximately 1490-1553?</subfield>
    <subfield code="t">Gargantua et Pantagruel</subfield>
  </datafield>
  <datafield tag="400" ind1="1" ind2=" ">
    <subfield code="a">Rabelais, François,</subfield>
    <subfield code="d">approximately 1490-1553?</subfield>
    <subfield code="t">Plaisante, et ioyeuse histoyre du grand geant Gargantua</subfield>
  </datafield>
  <datafield tag="400" ind1="1" ind2=" ">
    <subfield code="w">nnea</subfield>
    <subfield code="a">Rabelais, François,</subfield>
    <subfield code="d">ca. 1490-1553?</subfield>
    <subfield code="t">Gargantua et Pantagruel</subfield>
  </datafield>
  <datafield tag="670" ind1=" " ind2=" ">
    <subfield code="a">His La plaisante, et ioyeuse histoyre du grand geant Gargantua, 1547, i.e. ca. 1600.</subfield>
  </datafield>
</record>